<?xml version="1.0" encoding="UTF-8"?><collection xmlns="http://www.loc.gov/MARC21/slim"><record><leader>00399nam--2200145-i-4500</leader><controlfield tag="001">000038341</controlfield><controlfield tag="002">20161230</controlfield><controlfield tag="005">20161230201041</controlfield><controlfield tag="008">060222s1000------------r-----000-0-eng-d</controlfield><datafield ind1=" " ind2=" " tag="080"><subfield code="a">530.145.7</subfield></datafield><datafield ind1=" " ind2=" " tag="100"><subfield code="a">Rellich, Franz</subfield></datafield><datafield ind1=" " ind2=" " tag="245"><subfield code="a">Perturbation theory of eigenvalue problems</subfield></datafield><datafield ind1=" " ind2=" " tag="260"><subfield code="a">New York, Gordon And Breach, 1969, X + 127p</subfield></datafield><datafield ind1=" " ind2=" " tag="490"><subfield code="a">Notes On Mathematics And Its Applic</subfield></datafield><datafield ind1=" " ind2=" " tag="852"><subfield code="a">42452</subfield></datafield></record></collection>